@Manual{unipdthesis-manual,
	title        = {{The NOVAthesis \LaTeX\ Template User's Manual}},
	author       = {João M. Lourenço},
	organization = {NOVA University Lisbon},
	year         = {2021},
	url          = {https://github.com/BIRSAx2/unipdthesis/raw/main/template.pdf},
  keywords =     {unipdthesis-manual},
}
