


@inproceedings{cit-multiaudio,
  author    = {Prabal Deep Das, Bhavesh D. Shah, Sabir Moin Shaikh},
  booktitle = {Multi-Zone Audio System},
  publisher = {nternational Conference on Innovative Data Communication Technologies and Application},
  year      = {2023}
}


@inproceedings{cit-mopidy,
  author    = {P. D. Das},
  title     = {Multi Audio Speaker using Mopidy and Snapcast},
  publisher = {International Conference on Innovative Data Communication Technologies and Application},
  year      = {2023}
}

@article{alamir2021enhanced,
  title     = {An enhanced artificial neural network model using the {Harris Hawks} optimiser for predicting food liking in the presence of background noise},
  author    = {Alamir, Mahmoud A.},
  journal   = {Applied Acoustics},
  volume    = {178},
  pages     = {108022},
  year      = {2021},
  publisher = {Elsevier},
  doi       = {10.1016/j.apacoust.2021.108022}
}

@article{Alamirprecedentstudy,
  title     = {The effect of type and level of background noise on food liking: A laboratory non-focused listening test},
  author    = {Alamir, Mahmoud A. and Hansen, Kristy},
  journal   = {Applied Acoustics},
  volume    = {172},
  pages     = {107600},
  year      = {2021},
  publisher = {Elsevier}
}

@article{Bellmann2019,
  title     = {Appetite ratings of foods are predictable with an in vitro advanced gastrointestinal model in combination with an in silico artificial neural network},
  author    = {Bellmann, Susann and Krishnan, Shaji and de Graaf, Albert and de Ligt, Rianne A. and Pasman, Wilrike J. and Minekus, Mans and Havenaar, Robert},
  journal   = {Food Research International},
  volume    = {122},
  pages     = {77--86},
  year      = {2019},
  publisher = {Elsevier}
}

@inproceedings{cit-FoodResearch,
  author    = {P. Yu, M. Y. Low, W. Zhou.},
  booktitle = {Development of a partial least squares-artificial neural network (PLS-ANN) hybrid model for the prediction of consumer liking scores of ready-to-drink green tea beverages},
  editor    = {Food Research International,},
  year      = {2018}
}

@inproceedings{cit-AppetiteRatings,
  author    = {S. Bellmann, S. Krishnan, A. de Graaf, R. A. de Ligt, W. J. Pasman, M. Minekus, et al.},
  booktitle = {Appetite ratings of foods are predictable with an in vitro advanced gastrointestinal model in combination with an in silico artificial neural network.},
  editor    = {Food Research International},
  year      = {2019}
}

@online{wiki:sound-restaurants,
  author = {Jon Sharpe},
  title  = {The Importance of Sound in Restaurants},
  year   = {s.d},
  url    = {https://www.luxdeco.com/the-luxurist/importance-of-sound-in-restaurants}
}

@misc{soundfood2016,
  title  = {SoundFood - We bring innovation to restaurateurs},
  author = {{SoundFood}},
  year   = {2016},
  url    = {https://soundfood.it/it/},
  note   = {(accessed Oct. 31, 2024)}
}

@online{mopidy,
  title = {Mopidy},
  url   = {https://mopidy.com/}
}
@online{snapcast,
  title = {Snapcast},
  url   = {https://github.com/badaix/snapcast}
}
www.parallax.com
@online{parallax,
  title = {Parallax},
  url   = {www.parallax.com}
}
@article{rezaeianzadeh2014flood,
  title     = {Flood flow forecasting using {ANN}, {ANFIS} and regression models},
  author    = {Rezaeianzadeh, M. and Tabari, H. and Arabi Yazdi, A. and Isik, S. and Kalin, L.},
  journal   = {Neural Computing and Applications},
  volume    = {25},
  number    = {1},
  pages     = {25--37},
  year      = {2014},
  publisher = {Springer}
}

@inproceedings{imaging_design,
  author    = {Lupacchini, Andrea},
  editor    = {Villa, Daniele
               and Zuccoli, Franca},
  title     = {Architectural Imaging Design},
  booktitle = {Proceedings of the 3rd International and Interdisciplinary Conference on Image and Imagination},
  year      = {2023},
  publisher = {Springer International Publishing},
  address   = {Cham},
  pages     = {374--383},
  abstract  = {Contemporary architecture, especially in the field of interior design, has been developing for some years a new way of designing spaces, which from ``static'' become dynamic, interactive.},
  isbn      = {978-3-031-25906-7}
}

@inproceedings{negreira2019acoustics,
  author       = {Juan Negreira and Carsten Svensson and Nigel Oseland and Ricardo Canto-Leyton},
  title        = {Good acoustics as an extra source of income in restaurants â€“ A case study},
  booktitle    = {Proceedings of the 48th International Congress and Exhibition on Noise Control Engineering (INTER-NOISE 2019)},
  year         = {2019},
  pages        = {1569},
  organization = {Spanish Acoustical Society (SEA)}
}