
@inproceedings{cit-mopidy,
  author    = {P. D. Das},
  title     = {Multi Audio Speaker using Mopidy and Snapcast},
  publisher = {International Conference on Innovative Data Communication Technologies and Application},
  year      = {2023}
}

@inproceedings{cit-multiaudio,
  author    = {Prabal Deep Das, Bhavesh D. Shah, Sabir Moin Shaikh},
  booktitle = {Multi-Zone Audio System},
  publisher = {nternational Conference on Innovative Data Communication Technologies and Application},
  year      = {2023}
}

@article{alamir2021enhanced,
  title     = {An enhanced artificial neural network model using the {Harris Hawks} optimiser for predicting food liking in the presence of background noise},
  author    = {Alamir, Mahmoud A.},
  journal   = {Applied Acoustics},
  volume    = {178},
  pages     = {108022},
  year      = {2021},
  publisher = {Elsevier},
  doi       = {10.1016/j.apacoust.2021.108022}
}

@article{Alamirprecedentstudy,
  title     = {The effect of type and level of background noise on food liking: A laboratory non-focused listening test},
  author    = {Alamir, Mahmoud A. and Hansen, Kristy},
  journal   = {Applied Acoustics},
  volume    = {172},
  pages     = {107600},
  year      = {2021},
  publisher = {Elsevier}
}

@article{Bellmann2019,
  title     = {Appetite ratings of foods are predictable with an in vitro advanced gastrointestinal model in combination with an in silico artificial neural network},
  author    = {Bellmann, Susann and Krishnan, Shaji and de Graaf, Albert and de Ligt, Rianne A. and Pasman, Wilrike J. and Minekus, Mans and Havenaar, Robert},
  journal   = {Food Research International},
  volume    = {122},
  pages     = {77--86},
  year      = {2019},
  publisher = {Elsevier}
}
@inproceedings{FoodResearch,
  author    = {P. Yu, M. Y. Low, W. Zhou.},
  booktitle = {Development of a partial least squares-artificial neural network (PLS-ANN) hybrid model for the prediction of consumer liking scores of ready-to-drink green tea beverages},
  editor    = {Food Research International,},
  year      = {2018}
}

@inproceedings{cit-AppetiteRatings,
  author    = {S. Bellmann, S. Krishnan, A. de Graaf, R. A. de Ligt, W. J. Pasman, M. Minekus, et al.},
  booktitle = {Appetite ratings of foods are predictable with an in vitro advanced gastrointestinal model in combination with an in silico artificial neural network.},
  editor    = {Food Research International},
  year      = {2019}
}

@online{wiki:sound-restaurants,
  author = {Jon Sharpe},
  title  = {The Importance of Sound in Restaurants},
  year   = {s.d},
  url    = {https://www.luxdeco.com/the-luxurist/importance-of-sound-in-restaurants}
}

@misc{soundfood2016,
  title  = {SoundFood - We bring innovation to restaurateurs},
  author = {{SoundFood}},
  year   = {2016},
  url    = {https://soundfood.it/it/},
  note   = {(accessed Oct. 31, 2024)}
}


@online{mopidy,
  title = {Mopidy},
  url   = {https://mopidy.com/}
}

@online{snapcast,
  title = {Snapcast},
  url   = {https://github.com/badaix/snapcast}
}

@online{parallax,
  title = {Parallax},
  url   = {www.parallax.com}
}

@article{rezaeianzadeh2014flood,
  title     = {Flood flow forecasting using {ANN}, {ANFIS} and regression models},
  author    = {Rezaeianzadeh, M. and Tabari, H. and Arabi Yazdi, A. and Isik, S. and Kalin, L.},
  journal   = {Neural Computing and Applications},
  volume    = {25},
  number    = {1},
  pages     = {25--37},
  year      = {2014},
  publisher = {Springer}
}

@inproceedings{imaging_design,
  author    = {Lupacchini, Andrea},
  editor    = {Villa, Daniele
               and Zuccoli, Franca},
  title     = {Architectural Imaging Design},
  booktitle = {Proceedings of the 3rd International and Interdisciplinary Conference on Image and Imagination},
  year      = {2023},
  publisher = {Springer International Publishing},
  address   = {Cham},
  pages     = {374--383},
  abstract  = {Contemporary architecture, especially in the field of interior design, has been developing for some years a new way of designing spaces, which from ``static'' become dynamic, interactive.},
  isbn      = {978-3-031-25906-7}
}

@inproceedings{negreira2019acoustics,
  author       = {Juan Negreira and Carsten Svensson and Nigel Oseland and Ricardo Canto-Leyton},
  title        = {Good acoustics as an extra source of income in restaurants – A case study},
  booktitle    = {Proceedings of the 48th International Congress and Exhibition on Noise Control Engineering (INTER-NOISE 2019)},
  year         = {2019},
  pages        = {1569},
  organization = {Spanish Acoustical Society (SEA)}
}

@article{magpi2020,
  title   = {Build a multi-room audio system with Raspberry Pi — The MagPi magazine},
  journal = {The MagPi magazine},
  year    = {2020},
  month   = {Oct. 16},
  url     = {https://magpi.raspberrypi.com/articles/build-a-multi-room-audio-system-with-raspberry-pi}
}

@inproceedings{10593159,
  author    = {Mogilipalem, Keerthana and Kumar Poodari, Ajay and Pulipati, Yashwanth and Sangeetha, Kiran Babu},
  booktitle = {2024 5th International Conference for Emerging Technology (INCET)},
  title     = {Food Spoilge Detection using IoT and Machine Learning},
  year      = {2024},
  volume    = {},
  number    = {},
  pages     = {1-4},
  keywords  = {Temperature sensors;Industries;Temperature distribution;Supply chain management;Machine learning algorithms;Supply chains;Machine learning;Internet of Things;Machine Learning;Anomalies},
  doi       = {10.1109/INCET61516.2024.10593159}
}

@misc{raspberrypi_doc,
  title  = {{Raspberry Pi Documentation}},
  author = {{Raspberry Pi Foundation}},
  year   = {2024},
  url    = {https://www.raspberrypi.com/documentation/}
}

@article{s17040846,
  author         = {Santos-González, Iván and Rivero-García, Alexandra and Molina-Gil, Jezabel and Caballero-Gil, Pino},
  title          = {Implementation and Analysis of Real-Time Streaming Protocols},
  journal        = {Sensors},
  volume         = {17},
  year           = {2017},
  number         = {4},
  article-number = {846},
  url            = {https://www.mdpi.com/1424-8220/17/4/846},
  pubmedid       = {28417949},
  issn           = {1424-8220}
}

@misc{flussonic2024,
  title  = {{RTMP, HLS, SRT, RTSP, and WebRTC: a comprehensive guide to video streaming protocols in 2024}},
  author = {{Flussonic}},
  year   = {2024},
  month  = {Aug. 14},
  url    = {https://flussonic.com/blog/news/best-video-streaming-protocols/}
}

@misc{gbacoustics2023,
  title  = {{Enhancing the Dining Experience: Unveiling the Value of Acoustics in Cafes and Restaurants}},
  author = {{GB Acoustics}},
  year   = {2023},
  month  = {Jul. 5},
  url    = {https://www.gbacoustics.co.uk/studies/enhancing-the-dining-experience-unveiling-the-value-of-acoustics-in-cafes-and-restaurants}
}

@misc{liquidsonics_reverb,
  title  = {{A Brief History Of Reverb}},
  author = {{LiquidSonics}},
  year   = {n.d.},
  url    = {https://www.liquidsonics.com/a-brief-history-of-reverb/}
}

@article{wired1997,
  author  = {{WIRED Staff}},
  title   = {{Music Technology: A Timeline}},
  journal = {WIRED},
  year    = {1997},
  month   = {Oct. 29},
  url     = {https://www.wired.com/1997/10/music-technology-a-timeline/}
}

@inproceedings{6031600,
  author    = {Kuo, N. T. and Chang, K. C. and Cheng, Y. S. and Lai, C. H.},
  booktitle = {2011 IEEE International Conference on Quality and Reliability},
  title     = {The impact of service quality, customer satisfaction and loyalty in the restaurant industry: Moderating effect of perceived value},
  year      = {2011},
  volume    = {},
  number    = {},
  pages     = {551-555},
  keywords  = {Customer satisfaction;Industries;Mathematical model;Equations;Reliability;Psychology;service quality;customer satisfaction;perceived value;customer loyalty}
}

@misc{wilczek2020,
  author = {T. Wilczek and J. Steffens and W. Stefan and Berlin},
  title  = {{Room acoustics, soundscapes and customer satisfaction in restaurants - a field study}},
  year   = {2020},
  url    = {https://www.static.tu.berlin/fileadmin/www/10002020/Dokumente/Abschlussarbeiten/Wilczek_MasA.pdf}
}

@inproceedings{6252340,
  author    = {Wang, Jing and Cheng, Lijuan},
  booktitle = {ICSSSM12},
  title     = {The relationships among perceived quality, customer satisfaction and customer retention: An empirical research on Haidilao restaurant},
  year      = {2012},
  volume    = {},
  number    = {},
  pages     = {749-754},
  keywords  = {Customer satisfaction;Industries;Reliability;Mathematical model;Data models;Analytical models;Mouth;Perceived quality;Customer satisfaction;Customer retention}
}

@misc{neural2024,
  author = {B. Neural},
  title  = {{Brain Neural Network PNG Images \& PSDs for Download | PixelSquid - S11944889C}},
  year   = {2024},
  url    = {https://www.pixelsquid.com/png/brain-neural-network-3022096254902473741?image=G03}
}

@article{PANAGOU2009121,
  title   = {Application of neural networks as a non-linear modelling technique in food mycology},
  journal = {Expert Systems with Applications},
  volume  = {36},
  number  = {1},
  pages   = {121-131},
  year    = {2009},
  issn    = {0957-4174},
  doi     = {https://doi.org/10.1016/j.eswa.2007.09.022},
  url     = {https://www.sciencedirect.com/science/article/pii/S0957417407004447},
  author  = {E.Z. Panagou and V.S. Kodogiannis}
}

@article{YU201868,
  title   = {Development of a partial least squares-artificial neural network (PLS-ANN) hybrid model for the prediction of consumer liking scores of ready-to-drink green tea beverages},
  journal = {Food Research International},
  volume  = {103},
  pages   = {68-75},
  year    = {2018},
  issn    = {0963-9969},
  doi     = {https://doi.org/10.1016/j.foodres.2017.10.015},
  url     = {https://www.sciencedirect.com/science/article/pii/S0963996917307007},
  author  = {Peigen Yu and Mei Yin Low and Weibiao Zhou}
}

@misc{krishnamurthy2022,
  author    = {R. Krishnamurthy},
  title     = {{Prediction of consumer liking from trained sensory panel information: evaluation of artificial neural networks (ANN)}},
  year      = {2022},
  publisher = {Unsw.edu.au},
  doi       = {10.26190/unsworks/6642}
}

@article{gao2019hierarchical,
  title     = {Hierarchical attention network for visually-aware food recommendation},
  author    = {Gao, Xiaoyan and Feng, Fuli and He, Xiangnan and Huang, Heyan and Guan, Xinyu and Feng, Chong and Ming, Zhaoyan and Chua, Tat-Seng},
  journal   = {IEEE Transactions on Multimedia},
  volume    = {22},
  number    = {6},
  pages     = {1647--1659},
  year      = {2019},
  publisher = {IEEE}
}

@inproceedings{castro2016percezione,
  author    = {F. L. Castro and Raffaele Mariconte and M. P. Orlando and C. Giliberti and V. Gallo},
  title     = {{LA PERCEZIONE DEL RUMORE PRESENTE ALL'INTERNO DELLE MENSE DA PARTE DEGLI ADDETTI AI LAVORI E DEI FRUITORI}},
  booktitle = {43{\textdegree} Convegno Nazionale dell’ Associazione Italiana di Acustica},
  year      = {2016},
  month     = {May},
  url       = {https://www.researchgate.net/publication/303551156_LA_PERCEZIONE_DEL_RUMORE_PRESENTE_ALL%27INTERNO_DELLE_MENSE_DA_PARTE_DEGLI_ADDETTI_AI_LAVORI_E_DEI_FRUITORI}
}

@misc{rindel2019,
  author = {Jens Holger Rindel},
  title  = {{Restaurant acoustics - Verbal communication in eating establishments}},
  year   = {2019},
  month  = {Jan. 1},
  url    = {https://www.researchgate.net/publication/332349931_Restaurant_acoustics_-Verbal_communication_in_eating_establishments}
}

@article{spence2014,
  author  = {C. Spence},
  title   = {{Noise and its impact on the perception of food and drink}},
  journal = {Flavour},
  volume  = {3},
  number  = {1},
  year    = {2014},
  month   = {Nov.}
}

@article{9400357,
  author   = {Khan, Muhammad Sufyan and Jabeen, Farhana and Ghouzali, Sanaa and Rehman, Zobia and Naz, Sheneela and Abdul, Wadood},
  journal  = {IEEE Access},
  title    = {Metaheuristic Algorithms in Optimizing Deep Neural Network Model for Software Effort Estimation},
  year     = {2021},
  volume   = {9},
  number   = {},
  pages    = {60309-60327},
  keywords = {Software;Estimation;Software algorithms;Optimization;Genetic algorithms;Analytical models;Market research;Software effort estimation;meta-heuristic algorithms;deep neural networks;deep learning},
  doi      = {10.1109/ACCESS.2021.3072380}
}

@article{8030298,
  author   = {Diaz, G. I. and Fokoue-Nkoutche, A. and Nannicini, G. and Samulowitz, H.},
  journal  = {IBM Journal of Research and Development},
  title    = {An effective algorithm for hyperparameter optimization of neural networks},
  year     = {2017},
  volume   = {61},
  number   = {4/5},
  pages    = {9:1-9:11},
  keywords = {Optimization;Predictive models;Training;Linear programming;Artificial neural networks;Prediction algorithms;Mathematical model},
  doi      = {10.1147/JRD.2017.2709578}
}

@inproceedings{7990980,
  author    = {Ke, Kai-Wei and Pan, Yi-Jie and Wu, Ho-Ting and Hsiao, Rong-Shue},
  booktitle = {2017 IEEE International Conference on Consumer Electronics - Taiwan (ICCE-TW)},
  title     = {Synchronization of multiroom audio streams in Wi-Fi environment},
  year      = {2017},
  volume    = {},
  number    = {},
  pages     = {31-32},
  keywords  = {Synchronization;Servers;Streaming media;Wireless fidelity;Clocks;Multimedia communication;Prototypes},
  doi       = {10.1109/ICCE-China.2017.7990980}
}

@misc{zhao2024,
  author = {S. Zhao},
  title  = {{Building a High-Performance Multi-Threaded Audio Processing System}},
  year   = {2024},
  month  = {Oct. 28},
  url    = {https://acestudio.ai/blog/multi-threaded-audio-processing/}
}

@inproceedings{7990980,
  author    = {Ke, Kai-Wei and Pan, Yi-Jie and Wu, Ho-Ting and Hsiao, Rong-Shue},
  booktitle = {2017 IEEE International Conference on Consumer Electronics - Taiwan (ICCE-TW)},
  title     = {Synchronization of multiroom audio streams in Wi-Fi environment},
  year      = {2017},
  volume    = {},
  number    = {},
  pages     = {31-32},
  keywords  = {Synchronization;Servers;Streaming media;Wireless fidelity;Clocks;Multimedia communication;Prototypes},
  doi       = {10.1109/ICCE-China.2017.7990980}
}
